<?xml version="1.0" encoding="UTF-8"?><collection xmlns="http://www.loc.gov/MARC21/slim"><record><leader>00632nam--2200193-i-4500</leader><controlfield tag="001">000020802</controlfield><controlfield tag="002">20161230</controlfield><controlfield tag="005">20161230201033</controlfield><controlfield tag="008">060222s1000------------r-----000-0-eng-d</controlfield><datafield ind1=" " ind2=" " tag="020"><subfield code="a">9810224753</subfield></datafield><datafield ind1=" " ind2=" " tag="040"><subfield code="a">IFIN-HH</subfield></datafield><datafield ind1=" " ind2=" " tag="080"><subfield code="a">539.165(061.3)</subfield></datafield><datafield ind1="1" ind2=" " tag="100"><subfield code="a">Klapdor-kleingrothaus, H.V</subfield></datafield><datafield ind1="1" ind2="0" tag="245"><subfield code="a">Double-beta decay and related topics</subfield><subfield code="b">Proceedings of the international workshop held at european centre for theoretical studies (ect) trento, italy, april 24 - may 5, 1995</subfield></datafield><datafield ind1=" " ind2=" " tag="260"><subfield code="a">Singapore</subfield><subfield code="b">World Scientific</subfield><subfield code="c">1996</subfield></datafield><datafield ind1=" " ind2=" " tag="300"><subfield code="a">509 P</subfield></datafield><datafield ind1="1" ind2=" " tag="700"><subfield code="a">Stoica, S</subfield><subfield code="e">Ed</subfield></datafield><datafield ind1=" " ind2=" " tag="852"><subfield code="a">80785</subfield><subfield code="c">539.17</subfield></datafield><datafield ind1=" " ind2=" " tag="CAT"><subfield code="a">Sys</subfield><subfield code="c">20120628</subfield><subfield code="h">164314</subfield></datafield></record></collection>